% Encoding: UTF-8

@misc{ibm-sgx,
  title = {{Data-in-use protection on IBM Cloud using Intel SGX}},
  howpublished = {\url{https://www.ibm.com/blogs/bluemix/2018/05/data-use-protection-ibm-cloud-using-intel-sgx/}},
  note = {Accessed: 2019-01-28}
}

@Misc{lsds,
  author       = {{Imperial College London}},
  title        = {{Large-Scale Data \& Sytems Group} at the {Imperial College London} Website},
  howpublished = {\url{https://lsds.doc.ic.ac.uk/}},
  note         = {Accessed: 2019-01-18},
}

@techreport{tee-globalplatform,
  title = "{{Introduction to Trusted Execution Environments}}",
  author = {{GlobalPlatform}},
  institution = {{GlobalPlatform}},
  year = {2018}, 
}
 
@InProceedings{McKeen2013,
  author    = {McKeen, Frank and Alexandrovich, Ilya and Berenzon, Alex and Rozas, Carlos V. and Shafi, Hisham and Shanbhogue, Vedvyas and Savagaonkar, Uday R.},
  title     = {Innovative Instructions and Software Model for Isolated Execution},
  booktitle = {Proceedings of the 2nd International Workshop on Hardware and Architectural Support for Security and Privacy},
  year      = {2013},
  series    = {HASP '13},
  pages     = {10:1--10:1},
  address   = {New York, NY, USA},
  publisher = {ACM},
  acmid     = {2488368},
  articleno = {10},
  doi       = {10.1145/2487726.2488368},
  isbn      = {978-1-4503-2118-1},
  location  = {Tel-Aviv, Israel},
  numpages  = {1},
  url       = {http://doi.acm.org/10.1145/2487726.2488368},
}

@Article{Gueron16,
  author  = {Sh. Gueron},
  title   = {A Memory Encryption Engine Suitable for General Purpose Processors},
  journal = {IACR Cryptology ePrint Archive},
  year    = {2016},
  volume  = {2016},
  pages   = {204},
}

@inproceedings{Zaharia2012,
 author = {Zaharia, Matei and Chowdhury, Mosharaf and Franklin, Michael J. and Shenker, Scott and Stoica, Ion},
 title = {Spark: Cluster Computing with Working Sets},
 booktitle = {Proceedings of the 2Nd USENIX Conference on Hot Topics in Cloud Computing},
 series = {HotCloud'10},
 year = {2010},
 location = {Boston, MA},
 pages = {10--10},
 numpages = {1},
 url = {http://dl.acm.org/citation.cfm?id=1863103.1863113},
 acmid = {1863113},
 publisher = {USENIX Association},
 address = {Berkeley, CA, USA},
} 

@misc{spark-streaming-documentation,
  title = "Spark Streaming Programming Guide",
  author = "{Apache Foundation}",
  howpublished = {\url{https://spark.apache.org/docs/2.2.0/streaming-programming-guide.html}},
  note = {Accessed: 2019-01-15}
}

@misc{sgx-lkl,
  title = {{SGX-LKL} on {Github}},
  howpublished = {\url{https://github.com/lsds/sgx-lkl}},
  note = {Accessed: 2019-01-15}
}

@inproceedings {ZahariaDStreams2012,
  author = {Matei Zaharia and Tathagata Das and Haoyuan Li and Scott Shenker and Ion Stoica},
  title = {Discretized Streams: An Efficient and Fault-Tolerant Model for Stream Processing on Large Clusters},
  booktitle = {Presented as part of the },
  year = {Submitted},
  url = {https://www.usenix.org/conference/hotcloud12/resilient-distributed-streams-efficient-and-fault-tolerant-programming-model},
  publisher = {{USENIX}},
}

@article{Xiong2018,
  author  = {Xiong, Z. and Nash, M. and Cheng, E. and Fedorov, V. and Stiles, M. and Zhao, J.},
  title   = {{ECG} signal classification for the detection of cardiac arrhythmias using a convolutional recurrent neural network},
  journal = {Physiological Measurement},
  year    = {2018},
  month   = aug,
  publisher={IOP Publishing}
}

@misc{sgx-spark,
 year = {2017},
 title = {{D3.2 SecureCloud: Specification and Implementation of Reusable Secure Microservices}},
 howpublished={\url{https://www.securecloudproject.eu/wp-content/uploads/D3.2.pdf}}
}

@Misc{azureconfidential,
  author       = {Mark Russinovich},
  title        = {Introducing {A}zure {C}onfidential {C}omputing},
  howpublished = {\url{https://azure.microsoft.com/en-us/blog/introducing-azure-confidential-computing/}},
  month        = sep,
  year         = {2017},
  note         = {{A}ccessed on: 2018-03-05},
  organization = {Microsoft Corporation, 2017},
  url          = {https://azure.microsoft.com/en-us/blog/introducing-azure-confidential-computing/},
}

@Misc{gceskylake,
  author       = {Barb Darrow},
  title        = {Google {I}s {F}irst in {L}ine to {G}et {I}ntel's {N}ext-{G}en {S}erver {C}hip},
  howpublished = {\url{http://for.tn/2lLdUtD}},
  month        = feb,
  year         = {2017},
  note         = {{A}ccessed on: 2018-03-05},
  url          = {http://for.tn/2lLdUtD},
}

@Misc{amazonskylake,
  title        = {Coming {S}oon: {A}mazon {EC}2 {C}5 {I}nstances, the next generation of {C}ompute {O}ptimized instances},
  howpublished = {\url{http://amzn.to/2nmIiH9}},
  month        = nov,
  year         = {2016},
  note         = {{A}ccessed on: 2018-03-05},
  organization = {Amazon Web Services, Inc., 2016},
  url          = {http://amzn.to/2nmIiH9},
}

@Article{Camm1996,
  author  = {Camm, A. and Malik, M. and Bigger, J. and Breithardt, G. and Cerutti, S. and Cohen, R. and Coumel, Ph. and Fallen, E. and Kennedy, H. and Kleiger, R. E.},
  title   = {Heart rate variability: {S}tandards of measurement, physiological interpretation and clinical use. {Task Force of the European Society of Cardiology and the North American Society of Pacing and Electrophysiology}},
  journal = {Circulation},
  year    = {1996},
  volume  = {93},
  number  = {5},
  pages   = {1043--1065},
}

@Article{Bigger1992,
  author  = {Bigger, J. Th. and Fleiss, J. L. and Steinman, R. C. and Rolnitzky, L. M. and Kleiger, R. E. and Rottman, J. N.},
  title   = {Frequency domain measures of heart period variability and mortality after myocardial infarction},
  journal = {Circulation},
  year    = {1992},
  volume  = {85},
  pages   = {164--171},
  month   = feb,
}

@Article{Kleiger1987,
  author  = {Kleiger, R. E. and Miller, J. P. and Bigger, J. Th. and Moss, A. J.},
  title   = {Decreased heart rate variability and its association with increased mortality after acute myocardial infarction},
  journal = {The American Journal of Cardiology},
  year    = {1987},
  volume  = {59},
  number  = {4},
  pages   = {256--262},
}

@Book{Lilly2001,
  title     = {Pathophysiology of heart disease: {A} collaborative project of medical students and faculty},
  publisher = {Lippincott Williams \& Wilkins},
  year      = {2001},
  author    = {Lilly, L. S.},
}

@InProceedings{Parak2015,
  author    = {Parak, J. and Tarniceriu, A. and Renevey, Ph. and Bertschi, M. and Delgado-Gonzalo, R. and Korhonen, I.},
  title     = {Evaluation of the beat-to-beat detection accuracy of {PulseOn} wearable optical heart rate monitor},
  booktitle = {Proceedings of the 37th Annual International Conference of the {IEEE} Engineering in Medicine and Biology Society ({EMBC'15})},
  year      = {2015},
  pages     = {8099--8102},
}

@Book{Tamura2018,
  title     = {Seamless Healthcare Monitoring: Advancements in Wearable, Attachable, and Invisible Devices},
  publisher = {Springer},
  year      = {2018},
  author    = {Tamura, T. and Chen, W.},
}

@Comment{jabref-meta: databaseType:bibtex;}
